%referencias Informe Duran

@misc{rios2014iso,
  title={ISO 55 000 Gestion de Activos},
  author={R{\'\i}os, Carlos Mario Bedoya and Argos, C},
  year={2014},
  publisher={FICEM}
}
@article{zapata2011confiabilidad,
  title={Confiabilidad en ingenier{\'\i}a},
  author={Zapata, Carlos},
  journal={Art{\'\i}culo presentado por la Universidad Tecnol{\'o}gica de Pereira en Colombia. Recuperado el},
  volume={25},
  year={2011}
}
@book{arata2009ingenieria,
  title={Ingenier{\'\i}a y gesti{\'o}n de la confiabilidad operacional en plantas industriales. Aplicaci{\'o}n de la Plataforma R-MES},
  author={Arata, Adolfo},
  year={2009},
  publisher={RiL Editores}
}
@article{amendola2003indicadores,
  title={Indicadores de confiabilidad propulsores en la gesti{\'o}n del mantenimiento},
  author={Amendola, Luis},
  journal={Departamento de Proyectos de Ingenier{\'\i}a Universidad Polit{\'e}cnica de Valencia},
  year={2003}
}
@inbook{inbook,
author = {Afonso, Paulo and Duran, Orlando},
year = {2020},
month = {03},
pages = {173-182},
title = {A TD-ABC Model for the Computation of the Total Cost of Ownership of Spare Parts},
isbn = {978-3-030-43615-5},
doi = {10.1007/978-3-030-43616-2_19}
}

@article{article,
author = {Tapia-Ubeda, Francisco and Miranda, Pablo and Roda, Irene and Macchi, Marco and Duran, Orlando},
year = {2020},
month = {02},
pages = {},
title = {Modelling and solving spare parts supply chain network design problems},
journal = {International Journal of Production Research},
doi = {10.1080/00207543.2020.1720924}
}